@article{hake1998interactive,
  title={Interactive-engagement versus traditional methods: A six-thousand-student survey of mechanics test data for introductory physics courses},
  author={Hake, Richard R},
  journal={American journal of Physics},
  volume={66},
  number={1},
  pages={64--74},
  year={1998},
  publisher={American Association of Physics Teachers}
}

@article{prince2004does,
  title={Does active learning work? A review of the research},
  author={Prince, Michael},
  journal={Journal of engineering education},
  volume={93},
  number={3},
  pages={223--231},
  year={2004},
  publisher={Wiley Online Library}
}

@misc{redish2004teaching,
  title={Teaching physics with the physics suite},
  author={Redish, Edward F},
  year={2004},
  publisher={American Association of Physics Teachers}
}

@misc{wieman2008oersted,
  title={Oersted Medal Lecture 2007: Interactive simulations for teaching physics: What works, what doesnâ€™t, and why},
  author={Wieman, Carl E and Perkins, Katherine K and Adams, Wendy K},
  year={2008},
  publisher={American Association of Physics Teachers}
}

@article{zhou2018websites,
  title={Websites for Physics Demonstrations and Computer Simulations: A Non-Educational Quality Evaluation.},
  author={Zhou, Zheng},
  journal={ProQuest LLC},
  year={2018},
  publisher={ERIC}
}

@article{adams2006new,
  title={New instrument for measuring student beliefs about physics and learning physics: The Colorado Learning Attitudes about Science Survey},
  author={Adams, Wendy K and Perkins, Katherine K and Podolefsky, Noah S and Dubson, Michael and Finkelstein, Noah D and Wieman, Carl E},
  journal={Physical review special topics-physics education research},
  volume={2},
  number={1},
  pages={010101},
  year={2006},
  publisher={APS}
}

@article{heller1992teachinga,
  title={Teaching problem solving through cooperative grouping. Part 1: Group versus individual problem solving},
  author={Heller, Patricia and Keith, Ronald and Anderson, Scott},
  journal={American journal of physics},
  volume={60},
  number={7},
  pages={627--636},
  year={1992},
  publisher={American Association of Physics Teachers}
}
@article{heller1992teachingb,
  title={Teaching problem solving through cooperative grouping. Part 2: Designing problems and structuring groups},
  author={Heller, Patricia and Hollabaugh, Mark},
  journal={American journal of Physics},
  volume={60},
  number={7},
  pages={637--644},
  year={1992},
  publisher={American Association of Physics Teachers}
}

@article{holmes2018introductory,
  title={Introductory physics labs: WE CAN DO BETTER},
  author={Holmes, Natasha G and Wieman, Carl E},
  journal={Physics Today},
  volume={71},
  pages={1--38},
  year={2018}
}
@article{hner2006minimal,
  title={Why Minimal Guidance During Instruction Does Not Work: An Analysis of the Failure of Constructuvist, Discovery, Problem-Based, Experimental, and Inquiry-Based Teaching.},
  author={Kirschner, Paul A and Sweller, John and Clark, Richard E},
  journal={Educational Psychologist},
  volume={42},
  number={2},
  year={2006}
}
@article{kapon2016doing,
  title={Doing research in school: Physics inquiry in the zone of proximal development},
  author={Kapon, Shulamit},
  journal={Journal of Research in Science Teaching},
  volume={53},
  number={8},
  pages={1172--1197},
  year={2016},
  publisher={Wiley Online Library}
}

@article{dicheva2015gamification,
  title={Gamification in education: A systematic mapping study},
  author={Dicheva, Darina and Dichev, Christo and Agre, Gennady and Angelova, Galia},
  journal={Journal of Educational Technology \& Society},
  volume={18},
  number={3},
  pages={75--88},
  year={2015},
  publisher={JSTOR}
}
@article{lyon2011problem,
  title={Problem-Based Learning and Assessment in Hydrology Courses: Can Non-Traditional Assessment Better Reflect Intended Learning Outcomes?},
  author={Lyon, Steve W and Teutschbein, Claudia},
  journal={Journal of Natural Resources and Life Sciences Education},
  volume={40},
  number={1},
  pages={199--205},
  year={2011},
  publisher={Wiley Online Library}
}
@article{lombardi2008making,
  title={Making the grade: The role of assessment in authentic learning},
  author={Lombardi, Marilyn M},
  journal={EDUCAUSE Learning Initiative},
  pages={1--16},
  year={2008}
}